<record><leader>00000cas a22000007a 4500</leader><controlfield tag="001">12793548</controlfield><controlfield tag="008">851114d19781978njudn ne      0    0eng d</controlfield><datafield ind1=" " ind2=" " tag="010"><subfield code="a">sn 85036083 </subfield></datafield><datafield ind1=" " ind2=" " tag="040"><subfield code="a">NPA</subfield><subfield code="b">eng</subfield><subfield code="c">NPA</subfield><subfield code="d">NJW</subfield><subfield code="d">OCLCQ</subfield></datafield><datafield ind1=" " ind2=" " tag="042"><subfield code="a">msc</subfield></datafield><datafield ind1="0" ind2="0" tag="245"><subfield code="a">Ocean County daily observer and daily times.</subfield></datafield><datafield ind1="3" ind2="0" tag="246"><subfield code="a">Ocean County Sunday observer and Sunday times</subfield></datafield><datafield ind1="1" ind2="7" tag="246"><subfield code="a">Times-observer</subfield></datafield><datafield ind1=" " ind2=" " tag="260"><subfield code="a">Toms River, N.J. :</subfield><subfield code="b">Seacoast Publications,</subfield><subfield code="c">1978.</subfield></datafield><datafield ind1=" " ind2=" " tag="300"><subfield code="a">v. :</subfield><subfield code="b">ill. ;</subfield><subfield code="c">58 cm.</subfield></datafield><datafield ind1=" " ind2=" " tag="310"><subfield code="a">Daily (except Sat.)</subfield></datafield><datafield ind1="0" ind2=" " tag="362"><subfield code="a">Vol. 128, no. 31 (Feb. 5, 1978)-v. 128, no. 158 (July 3, 1978).</subfield></datafield><datafield ind1=" " ind2=" " tag="500"><subfield code="a">Sunday edition called: Ocean County Sunday observer and Sunday times.</subfield></datafield><datafield ind1=" " ind2=" " tag="530"><subfield code="a">Also issued on microfilm by Photographic Sciences Corp., Webster, N.Y.</subfield></datafield><datafield ind1=" " ind2=" " tag="752"><subfield code="a">United States</subfield><subfield code="b">New Jersey</subfield><subfield code="c">Ocean</subfield><subfield code="d">Toms River.</subfield></datafield><datafield ind1="0" ind2="0" tag="780"><subfield code="t">Daily observer (Toms River, N.J. : 1977)</subfield><subfield code="w">(DLC)sn 85036115</subfield><subfield code="w">(OCoLC)12793545</subfield></datafield><datafield ind1="0" ind2="0" tag="785"><subfield code="t">Ocean County times-observer</subfield><subfield code="w">(DLC)sn 85036084</subfield><subfield code="w">(OCoLC)12793553</subfield></datafield></record>